date,close,eps,revenue,pe,symbol
1/2/2018 16:00,85.03,4.88,68211,17.42418033,XOM
1/3/2018 16:00,86.7,4.88,68211,17.76639344,XOM
1/4/2018 16:00,86.82,4.88,68211,17.79098361,XOM
1/5/2018 16:00,86.75,4.88,68211,17.77663934,XOM
1/8/2018 16:00,87.14,4.88,68211,17.85655738,XOM
1/9/2018 16:00,86.77,4.88,68211,17.7807377,XOM
1/10/2018 16:00,86.08,4.88,68211,17.63934426,XOM
1/11/2018 16:00,86.93,4.88,68211,17.81352459,XOM
1/12/2018 16:00,87.52,4.88,68211,17.93442623,XOM
1/16/2018 16:00,86.97,4.88,68211,17.82172131,XOM
1/17/2018 16:00,88,4.88,68211,18.03278689,XOM
1/18/2018 16:00,87.43,4.88,68211,17.91598361,XOM
1/19/2018 16:00,87.15,4.88,68211,17.85860656,XOM
1/22/2018 16:00,88.25,4.88,68211,18.08401639,XOM
1/23/2018 16:00,88.3,4.88,68211,18.0942623,XOM
1/24/2018 16:00,88.53,4.88,68211,18.14139344,XOM
1/25/2018 16:00,88.37,4.88,68211,18.10860656,XOM
1/26/2018 16:00,89,4.88,68211,18.23770492,XOM
1/29/2018 16:00,88.01,4.88,68211,18.03483607,XOM
1/30/2018 16:00,86.78,4.88,68211,17.78278689,XOM
1/31/2018 16:00,87.3,4.88,68211,17.88934426,XOM
2/1/2018 16:00,89.07,4.88,68211,18.25204918,XOM
2/2/2018 16:00,84.53,4.88,68211,17.32172131,XOM
2/5/2018 16:00,79.72,4.88,68211,16.33606557,XOM
2/6/2018 16:00,78.35,4.88,68211,16.05532787,XOM
2/7/2018 16:00,76.94,4.88,68211,15.76639344,XOM
2/8/2018 16:00,76.07,4.88,68211,15.58811475,XOM
2/9/2018 16:00,75.78,4.88,68211,15.52868852,XOM
2/12/2018 16:00,76.42,4.88,68211,15.65983607,XOM
2/13/2018 16:00,76.3,4.88,68211,15.6352459,XOM
2/14/2018 16:00,76.46,4.88,68211,15.66803279,XOM
2/15/2018 16:00,76.21,4.88,68211,15.61680328,XOM
2/16/2018 16:00,76.54,4.88,68211,15.68442623,XOM
2/20/2018 16:00,75.75,4.88,68211,15.52254098,XOM
2/21/2018 16:00,74.89,4.88,68211,15.34631148,XOM
2/22/2018 16:00,75.86,4.88,68211,15.54508197,XOM
2/23/2018 16:00,77.53,4.88,68211,15.88729508,XOM
2/26/2018 16:00,78.84,4.88,68211,16.1557377,XOM
2/27/2018 16:00,77.5,4.88,68211,15.88114754,XOM
2/28/2018 16:00,75.74,4.88,68211,15.5204918,XOM
3/1/2018 16:00,75.2,4.88,68211,15.40983607,XOM
3/2/2018 16:00,75.55,4.88,68211,15.48155738,XOM
3/5/2018 16:00,76.27,4.88,68211,15.62909836,XOM
3/6/2018 16:00,76.18,4.88,68211,15.61065574,XOM
3/7/2018 16:00,74.26,4.88,68211,15.21721311,XOM
3/8/2018 16:00,74.12,4.88,68211,15.18852459,XOM
3/9/2018 16:00,74.56,4.88,68211,15.27868852,XOM
3/12/2018 16:00,75.24,4.88,68211,15.41803279,XOM
3/13/2018 16:00,74.53,4.88,68211,15.27254098,XOM
3/14/2018 16:00,73.6,4.88,68211,15.08196721,XOM
3/15/2018 16:00,74.42,4.88,68211,15.25,XOM
3/16/2018 16:00,75.12,4.88,68211,15.39344262,XOM
3/19/2018 16:00,74.15,4.88,68211,15.19467213,XOM
3/20/2018 16:00,73.99,4.88,68211,15.16188525,XOM
3/21/2018 16:00,75.04,4.88,68211,15.37704918,XOM
3/22/2018 16:00,73.5,4.88,68211,15.06147541,XOM
3/23/2018 16:00,72.89,4.88,68211,14.93647541,XOM
3/26/2018 16:00,74,4.88,68211,15.16393443,XOM
3/27/2018 16:00,73.7,4.88,68211,15.10245902,XOM
3/28/2018 16:00,72.81,4.88,68211,14.92008197,XOM
3/29/2018 16:00,74.61,4.88,68211,15.28893443,XOM
4/2/2018 16:00,73.22,4.88,73501,15.00409836,XOM
4/3/2018 16:00,75.02,4.88,73501,15.37295082,XOM
4/4/2018 16:00,74.87,4.88,73501,15.34221311,XOM
4/5/2018 16:00,76.02,4.88,73501,15.57786885,XOM
4/6/2018 16:00,74.87,4.88,73501,15.34221311,XOM
4/9/2018 16:00,74.87,4.88,73501,15.34221311,XOM
4/10/2018 16:00,77.07,4.88,73501,15.79303279,XOM
4/11/2018 16:00,77.43,4.88,73501,15.86680328,XOM
4/12/2018 16:00,77.22,4.88,73501,15.82377049,XOM
4/13/2018 16:00,77.84,4.88,73501,15.95081967,XOM
4/16/2018 16:00,78.54,4.88,73501,16.0942623,XOM
4/17/2018 16:00,78.33,4.88,73501,16.05122951,XOM
4/18/2018 16:00,79.22,4.88,73501,16.23360656,XOM
4/19/2018 16:00,79.42,4.88,73501,16.27459016,XOM
4/20/2018 16:00,79,4.88,73501,16.18852459,XOM
4/23/2018 16:00,79.57,4.88,73501,16.30532787,XOM
4/24/2018 16:00,78.35,4.88,73501,16.05532787,XOM
4/25/2018 16:00,79.5,4.88,73501,16.29098361,XOM
4/26/2018 16:00,80.86,4.88,73501,16.56967213,XOM
4/27/2018 16:00,77.79,4.88,73501,15.94057377,XOM
4/30/2018 16:00,77.75,4.88,73501,15.93237705,XOM
5/1/2018 16:00,76.95,4.88,73501,15.76844262,XOM
5/2/2018 16:00,76.8,4.88,73501,15.73770492,XOM
5/3/2018 16:00,76.54,4.88,73501,15.68442623,XOM
5/4/2018 16:00,76.9,4.88,73501,15.75819672,XOM
5/7/2018 16:00,77.74,4.88,73501,15.93032787,XOM
5/8/2018 16:00,78.09,4.88,73501,16.00204918,XOM
5/9/2018 16:00,79.93,4.88,73501,16.37909836,XOM
5/10/2018 16:00,81.72,4.88,73501,16.74590164,XOM
5/11/2018 16:00,81.28,4.88,73501,16.6557377,XOM
5/14/2018 16:00,81.83,4.88,73501,16.76844262,XOM
5/15/2018 16:00,81.79,4.88,73501,16.7602459,XOM
5/16/2018 16:00,82.02,4.88,73501,16.80737705,XOM
5/17/2018 16:00,81.88,4.88,73501,16.77868852,XOM
5/18/2018 16:00,81.3,4.88,73501,16.65983607,XOM
5/21/2018 16:00,82.28,4.88,73501,16.86065574,XOM
5/22/2018 16:00,81.64,4.88,73501,16.7295082,XOM
5/23/2018 16:00,82.15,4.88,73501,16.83401639,XOM
5/24/2018 16:00,80.27,4.88,73501,16.44877049,XOM
5/25/2018 16:00,78.71,4.88,73501,16.12909836,XOM
5/29/2018 16:00,78.42,4.88,73501,16.06967213,XOM
5/30/2018 16:00,81.5,4.88,73501,16.70081967,XOM
5/31/2018 16:00,81.24,4.88,73501,16.64754098,XOM
6/1/2018 16:00,81.83,4.88,73501,16.76844262,XOM
6/4/2018 16:00,80.97,4.88,73501,16.59221311,XOM
6/5/2018 16:00,80.68,4.88,73501,16.53278689,XOM
6/6/2018 16:00,82.06,4.88,73501,16.81557377,XOM
6/7/2018 16:00,82.88,4.88,73501,16.98360656,XOM
6/8/2018 16:00,83.6,4.88,73501,17.13114754,XOM
6/11/2018 16:00,83.1,4.88,73501,17.02868852,XOM
6/12/2018 16:00,82.42,4.88,73501,16.88934426,XOM
6/13/2018 16:00,81.51,4.88,73501,16.70286885,XOM
6/14/2018 16:00,81.89,4.88,73501,16.7807377,XOM
6/15/2018 16:00,80.66,4.88,73501,16.52868852,XOM
6/18/2018 16:00,80.82,4.88,73501,16.56147541,XOM
6/19/2018 16:00,80.7,4.88,73501,16.53688525,XOM
6/20/2018 16:00,80.45,4.88,73501,16.48565574,XOM
6/21/2018 16:00,79.69,4.88,73501,16.32991803,XOM
6/22/2018 16:00,81.38,4.88,73501,16.67622951,XOM
6/25/2018 16:00,79.74,4.88,73501,16.34016393,XOM
6/26/2018 16:00,80.64,4.88,73501,16.52459016,XOM
6/27/2018 16:00,81.71,4.88,73501,16.74385246,XOM
6/28/2018 16:00,81.97,4.88,73501,16.79713115,XOM
6/29/2018 16:00,82.73,4.88,73501,16.95286885,XOM
7/2/2018 16:00,81.76,4.88,76605,16.75409836,XOM
7/3/2018 13:00,82.24,4.88,76605,16.85245902,XOM
7/5/2018 16:00,82.31,4.88,76605,16.86680328,XOM
7/6/2018 16:00,82.33,4.88,76605,16.87090164,XOM
7/9/2018 16:00,82.9,4.88,76605,16.98770492,XOM
7/10/2018 16:00,83.66,4.88,76605,17.14344262,XOM
7/11/2018 16:00,82.59,4.88,76605,16.92418033,XOM
7/12/2018 16:00,82.69,4.88,76605,16.94467213,XOM
7/13/2018 16:00,83.31,4.88,76605,17.07172131,XOM
7/16/2018 16:00,82.49,4.88,76605,16.90368852,XOM
7/17/2018 16:00,82.31,4.88,76605,16.86680328,XOM
7/18/2018 16:00,82.22,4.88,76605,16.84836066,XOM
7/19/2018 16:00,82.01,4.88,76605,16.80532787,XOM
7/20/2018 16:00,81.4,4.88,76605,16.68032787,XOM
7/23/2018 16:00,81.4,4.88,76605,16.68032787,XOM
7/24/2018 16:00,83.01,4.88,76605,17.0102459,XOM
7/25/2018 16:00,83.59,4.88,76605,17.12909836,XOM
7/26/2018 16:00,84.24,4.88,76605,17.26229508,XOM
7/27/2018 16:00,81.92,4.88,76605,16.78688525,XOM
7/30/2018 16:00,81.74,4.88,76605,16.75,XOM
7/31/2018 16:00,81.51,4.88,76605,16.70286885,XOM
8/1/2018 16:00,80.39,4.88,76605,16.47336066,XOM
8/2/2018 16:00,79.91,4.88,76605,16.375,XOM
8/3/2018 16:00,80.2,4.88,76605,16.43442623,XOM
8/6/2018 16:00,80.18,4.88,76605,16.43032787,XOM
8/7/2018 16:00,81.27,4.88,76605,16.65368852,XOM
8/8/2018 16:00,80.73,4.88,76605,16.54303279,XOM
8/9/2018 16:00,80.32,4.88,76605,16.45901639,XOM
8/10/2018 16:00,79.42,4.88,76605,16.27459016,XOM
8/13/2018 16:00,78.56,4.88,76605,16.09836066,XOM
8/14/2018 16:00,78.31,4.88,76605,16.04713115,XOM
8/15/2018 16:00,76.94,4.88,76605,15.76639344,XOM
8/16/2018 16:00,78,4.88,76605,15.98360656,XOM
8/17/2018 16:00,78.26,4.88,76605,16.03688525,XOM
8/20/2018 16:00,78.81,4.88,76605,16.14959016,XOM
8/21/2018 16:00,78.83,4.88,76605,16.15368852,XOM
8/22/2018 16:00,79.96,4.88,76605,16.3852459,XOM
8/23/2018 16:00,79.08,4.88,76605,16.20491803,XOM
8/24/2018 16:00,79.62,4.88,76605,16.31557377,XOM
8/27/2018 16:00,80.4,4.88,76605,16.47540984,XOM
8/28/2018 16:00,80.28,4.88,76605,16.45081967,XOM
8/29/2018 16:00,80.86,4.88,76605,16.56967213,XOM
8/30/2018 16:00,80.51,4.88,76605,16.49795082,XOM
8/31/2018 16:00,80.17,4.88,76605,16.42827869,XOM
9/4/2018 16:00,80.29,4.88,76605,16.45286885,XOM
9/5/2018 16:00,81.36,4.88,76605,16.67213115,XOM
9/6/2018 16:00,80.46,4.88,76605,16.48770492,XOM
9/7/2018 16:00,81.83,4.88,76605,16.76844262,XOM
9/10/2018 16:00,81.71,4.88,76605,16.74385246,XOM
9/11/2018 16:00,82.86,4.88,76605,16.9795082,XOM
9/12/2018 16:00,83.13,4.88,76605,17.03483607,XOM
9/13/2018 16:00,82.32,4.88,76605,16.86885246,XOM
9/14/2018 16:00,82.92,4.88,76605,16.99180328,XOM
9/17/2018 16:00,83.41,4.88,76605,17.09221311,XOM
9/18/2018 16:00,83.63,4.88,76605,17.13729508,XOM
9/19/2018 16:00,84.63,4.88,76605,17.34221311,XOM
9/20/2018 16:00,84.82,4.88,76605,17.38114754,XOM
9/21/2018 16:00,85.17,4.88,76605,17.45286885,XOM
9/24/2018 16:00,86.6,4.88,76605,17.74590164,XOM
9/25/2018 16:00,86.5,4.88,76605,17.72540984,XOM
9/26/2018 16:00,85.78,4.88,76605,17.57786885,XOM
9/27/2018 16:00,85.77,4.88,76605,17.57581967,XOM
9/28/2018 16:00,85.02,4.88,76605,17.42213115,XOM
10/1/2018 16:00,85.81,4.88,71895,17.58401639,XOM
10/2/2018 16:00,86.46,4.88,71895,17.71721311,XOM
10/3/2018 16:00,86.15,4.88,71895,17.65368852,XOM
10/4/2018 16:00,85.58,4.88,71895,17.53688525,XOM
10/5/2018 16:00,85.34,4.88,71895,17.48770492,XOM
10/8/2018 16:00,86.13,4.88,71895,17.64959016,XOM
10/9/2018 16:00,86.51,4.88,71895,17.72745902,XOM
10/10/2018 16:00,84.52,4.88,71895,17.31967213,XOM
10/11/2018 16:00,81.6,4.88,71895,16.72131148,XOM
10/12/2018 16:00,81.38,4.88,71895,16.67622951,XOM
10/15/2018 16:00,80.82,4.88,71895,16.56147541,XOM
10/16/2018 16:00,81.2,4.88,71895,16.63934426,XOM
10/17/2018 16:00,81.5,4.88,71895,16.70081967,XOM
10/18/2018 16:00,81.85,4.88,71895,16.77254098,XOM
10/19/2018 16:00,81.97,4.88,71895,16.79713115,XOM
10/22/2018 16:00,81.15,4.88,71895,16.62909836,XOM
10/23/2018 16:00,79.84,4.88,71895,16.36065574,XOM
10/24/2018 16:00,77.62,4.88,71895,15.9057377,XOM
10/25/2018 16:00,78.31,4.88,71895,16.04713115,XOM
10/26/2018 16:00,77.53,4.88,71895,15.88729508,XOM
10/29/2018 16:00,77.05,4.88,71895,15.78893443,XOM
10/30/2018 16:00,78.78,4.88,71895,16.14344262,XOM
10/31/2018 16:00,79.68,4.88,71895,16.32786885,XOM
11/1/2018 16:00,80.67,4.88,71895,16.5307377,XOM
11/2/2018 16:00,81.95,4.88,71895,16.79303279,XOM
11/5/2018 16:00,81.64,4.88,71895,16.7295082,XOM
11/6/2018 16:00,81.99,4.88,71895,16.80122951,XOM
11/7/2018 16:00,83.03,4.88,71895,17.01434426,XOM
11/8/2018 16:00,81.71,4.88,71895,16.74385246,XOM
11/9/2018 16:00,80.87,4.88,71895,16.57172131,XOM
11/12/2018 16:00,79.83,4.88,71895,16.35860656,XOM
11/13/2018 16:00,78,4.88,71895,15.98360656,XOM
11/14/2018 16:00,77.39,4.88,71895,15.85860656,XOM
11/15/2018 16:00,78.19,4.88,71895,16.02254098,XOM
11/16/2018 16:00,78.96,4.88,71895,16.18032787,XOM
11/19/2018 16:00,79.22,4.88,71895,16.23360656,XOM
11/20/2018 16:00,76.97,4.88,71895,15.77254098,XOM
11/21/2018 16:00,77.56,4.88,71895,15.89344262,XOM
11/23/2018 13:00,75.49,4.88,71895,15.4692623,XOM
11/26/2018 16:00,76.98,4.88,71895,15.77459016,XOM
11/27/2018 16:00,77.05,4.88,71895,15.78893443,XOM
11/28/2018 16:00,78.45,4.88,71895,16.07581967,XOM
11/29/2018 16:00,79.06,4.88,71895,16.20081967,XOM
11/30/2018 16:00,79.5,4.88,71895,16.29098361,XOM
12/3/2018 16:00,81.22,4.88,71895,16.64344262,XOM
12/4/2018 16:00,79.43,4.88,71895,16.27663934,XOM
12/6/2018 16:00,78.39,4.88,71895,16.06352459,XOM
12/7/2018 16:00,77.64,4.88,71895,15.90983607,XOM
12/10/2018 16:00,76.54,4.88,71895,15.68442623,XOM
12/11/2018 16:00,76.68,4.88,71895,15.71311475,XOM
12/12/2018 16:00,76.02,4.88,71895,15.57786885,XOM
12/13/2018 16:00,76.98,4.88,71895,15.77459016,XOM
12/14/2018 16:00,75.58,4.88,71895,15.48770492,XOM
12/17/2018 16:00,74.04,4.88,71895,15.17213115,XOM
12/18/2018 16:00,72,4.88,71895,14.75409836,XOM
12/19/2018 16:00,70.78,4.88,71895,14.50409836,XOM
12/20/2018 16:00,68.63,4.88,71895,14.06352459,XOM
12/21/2018 16:00,68.12,4.88,71895,13.95901639,XOM
12/24/2018 13:00,65.51,4.88,71895,13.42418033,XOM
12/26/2018 16:00,68.64,4.88,71895,14.06557377,XOM
12/27/2018 16:00,68.94,4.88,71895,14.12704918,XOM
12/28/2018 16:00,68.17,4.88,71895,13.9692623,XOM
12/31/2018 16:00,68.19,4.88,71895,13.97336066,XOM
1/2/2019 16:00,69.69,3.36,63625,20.74107143,XOM
1/3/2019 16:00,68.62,3.36,63625,20.42261905,XOM
1/4/2019 16:00,71.15,3.36,63625,21.17559524,XOM
1/7/2019 16:00,71.52,3.36,63625,21.28571429,XOM
1/8/2019 16:00,72.04,3.36,63625,21.44047619,XOM
1/9/2019 16:00,72.42,3.36,63625,21.55357143,XOM
1/10/2019 16:00,72.05,3.36,63625,21.44345238,XOM
1/11/2019 16:00,71.72,3.36,63625,21.3452381,XOM
1/14/2019 16:00,71.63,3.36,63625,21.31845238,XOM
1/15/2019 16:00,71.67,3.36,63625,21.33035714,XOM
1/16/2019 16:00,71.64,3.36,63625,21.32142857,XOM
1/17/2019 16:00,72.13,3.36,63625,21.4672619,XOM
1/18/2019 16:00,72.99,3.36,63625,21.72321429,XOM
1/22/2019 16:00,71.89,3.36,63625,21.39583333,XOM
1/23/2019 16:00,71.3,3.36,63625,21.2202381,XOM
1/24/2019 16:00,71.4,3.36,63625,21.25,XOM
1/25/2019 16:00,71.72,3.36,63625,21.3452381,XOM
1/28/2019 16:00,71.24,3.36,63625,21.20238095,XOM
1/29/2019 16:00,71.51,3.36,63625,21.2827381,XOM
1/30/2019 16:00,72.29,3.36,63625,21.51488095,XOM
1/31/2019 16:00,73.28,3.36,63625,21.80952381,XOM
2/1/2019 16:00,75.92,3.36,63625,22.5952381,XOM
2/4/2019 16:00,74.82,3.36,63625,22.26785714,XOM
2/5/2019 16:00,75.59,3.36,63625,22.49702381,XOM
2/6/2019 16:00,75.26,3.36,63625,22.39880952,XOM
2/7/2019 16:00,74.68,3.36,63625,22.22619048,XOM
2/8/2019 16:00,73.98,3.36,63625,22.01785714,XOM
2/11/2019 16:00,74.1,3.36,63625,22.05357143,XOM
2/12/2019 16:00,75.4,3.36,63625,22.44047619,XOM
2/13/2019 16:00,76.25,3.36,63625,22.69345238,XOM
2/14/2019 16:00,76.27,3.36,63625,22.69940476,XOM
2/15/2019 16:00,77.71,3.36,63625,23.12797619,XOM
2/19/2019 16:00,78.23,3.36,63625,23.2827381,XOM
2/20/2019 16:00,78.53,3.36,63625,23.37202381,XOM
2/21/2019 16:00,77.82,3.36,63625,23.16071429,XOM
2/22/2019 16:00,78.42,3.36,63625,23.33928571,XOM
2/25/2019 16:00,78.5,3.36,63625,23.36309524,XOM
2/26/2019 16:00,78.66,3.36,63625,23.41071429,XOM
2/27/2019 16:00,79.47,3.36,63625,23.65178571,XOM
2/28/2019 16:00,79.03,3.36,63625,23.52083333,XOM
3/1/2019 16:00,80,3.36,63625,23.80952381,XOM
3/4/2019 16:00,80.31,3.36,63625,23.90178571,XOM
3/5/2019 16:00,80.19,3.36,63625,23.86607143,XOM
3/6/2019 16:00,79.28,3.36,63625,23.5952381,XOM
3/7/2019 16:00,80.16,3.36,63625,23.85714286,XOM
3/8/2019 16:00,79.01,3.36,63625,23.51488095,XOM
3/11/2019 16:00,79.78,3.36,63625,23.74404762,XOM
3/12/2019 16:00,80,3.36,63625,23.80952381,XOM
3/13/2019 16:00,80.71,3.36,63625,24.02083333,XOM
3/14/2019 16:00,80.44,3.36,63625,23.94047619,XOM
3/15/2019 16:00,80.15,3.36,63625,23.85416667,XOM
3/18/2019 16:00,81.08,3.36,63625,24.13095238,XOM
3/19/2019 16:00,80.87,3.36,63625,24.06845238,XOM
3/20/2019 16:00,81.32,3.36,63625,24.20238095,XOM
3/21/2019 16:00,81.79,3.36,63625,24.3422619,XOM
3/22/2019 16:00,80.48,3.36,63625,23.95238095,XOM
3/25/2019 16:00,79.92,3.36,63625,23.78571429,XOM
3/26/2019 16:00,80.96,3.36,63625,24.0952381,XOM
3/27/2019 16:00,80.34,3.36,63625,23.91071429,XOM
3/28/2019 16:00,80.74,3.36,63625,24.0297619,XOM
3/29/2019 16:00,80.8,3.36,63625,24.04761905,XOM
4/1/2019 16:00,81.73,3.36,69091,24.32440476,XOM
4/2/2019 16:00,81.38,3.36,69091,24.2202381,XOM
4/3/2019 16:00,80.9,3.36,69091,24.07738095,XOM
4/4/2019 16:00,82.05,3.36,69091,24.41964286,XOM
4/5/2019 16:00,82.49,3.36,69091,24.55059524,XOM
4/8/2019 16:00,83,3.36,69091,24.70238095,XOM
4/9/2019 16:00,81.93,3.36,69091,24.38392857,XOM
4/10/2019 16:00,81.56,3.36,69091,24.27380952,XOM
4/11/2019 16:00,81.95,3.36,69091,24.38988095,XOM
4/12/2019 16:00,80.92,3.36,69091,24.08333333,XOM
4/15/2019 16:00,80.65,3.36,69091,24.00297619,XOM
4/16/2019 16:00,81.2,3.36,69091,24.16666667,XOM
4/17/2019 16:00,81.43,3.36,69091,24.23511905,XOM
4/18/2019 16:00,81.13,3.36,69091,24.14583333,XOM
4/22/2019 16:00,82.9,3.36,69091,24.67261905,XOM
4/23/2019 16:00,83.38,3.36,69091,24.81547619,XOM
4/24/2019 16:00,81.76,3.36,69091,24.33333333,XOM
4/25/2019 16:00,82.22,3.36,69091,24.4702381,XOM
4/26/2019 16:00,80.49,3.36,69091,23.95535714,XOM
4/29/2019 16:00,79.97,3.36,69091,23.80059524,XOM
4/30/2019 16:00,80.28,3.36,69091,23.89285714,XOM
5/1/2019 16:00,78.67,3.36,69091,23.41369048,XOM
5/2/2019 16:00,77.29,3.36,69091,23.00297619,XOM
5/3/2019 16:00,77.47,3.36,69091,23.05654762,XOM
5/6/2019 16:00,77.13,3.36,69091,22.95535714,XOM
5/7/2019 16:00,76.72,3.36,69091,22.83333333,XOM
5/8/2019 16:00,76.84,3.36,69091,22.86904762,XOM
5/9/2019 16:00,76.77,3.36,69091,22.84821429,XOM
5/10/2019 16:00,76.56,3.36,69091,22.78571429,XOM
5/13/2019 16:00,75.71,3.36,69091,22.5327381,XOM
5/14/2019 16:00,75.81,3.36,69091,22.5625,XOM
5/15/2019 16:00,76.37,3.36,69091,22.72916667,XOM
5/16/2019 16:00,76.36,3.36,69091,22.72619048,XOM
5/17/2019 16:00,75.91,3.36,69091,22.5922619,XOM
5/20/2019 16:00,75.9,3.36,69091,22.58928571,XOM
5/21/2019 16:00,76.25,3.36,69091,22.69345238,XOM
5/22/2019 16:00,75.56,3.36,69091,22.48809524,XOM
5/23/2019 16:00,73.79,3.36,69091,21.96130952,XOM
5/24/2019 16:00,74.1,3.36,69091,22.05357143,XOM
5/28/2019 16:00,72.61,3.36,69091,21.61011905,XOM
5/29/2019 16:00,72.16,3.36,69091,21.47619048,XOM
5/30/2019 16:00,71.97,3.36,69091,21.41964286,XOM
5/31/2019 16:00,70.77,3.36,69091,21.0625,XOM
6/3/2019 16:00,71.88,3.36,69091,21.39285714,XOM
6/4/2019 16:00,73.59,3.36,69091,21.90178571,XOM
6/5/2019 16:00,72.98,3.36,69091,21.7202381,XOM
6/6/2019 16:00,74.31,3.36,69091,22.11607143,XOM
6/7/2019 16:00,74.58,3.36,69091,22.19642857,XOM
6/10/2019 16:00,74.91,3.36,69091,22.29464286,XOM
6/11/2019 16:00,74.84,3.36,69091,22.27380952,XOM
6/12/2019 16:00,74.03,3.36,69091,22.0327381,XOM
6/13/2019 16:00,74.68,3.36,69091,22.22619048,XOM
6/14/2019 16:00,74.35,3.36,69091,22.12797619,XOM
6/17/2019 16:00,75.09,3.36,69091,22.34821429,XOM
6/18/2019 16:00,75.74,3.36,69091,22.54166667,XOM
6/19/2019 16:00,75.32,3.36,69091,22.41666667,XOM
6/20/2019 16:00,76.61,3.36,69091,22.80059524,XOM
6/21/2019 16:00,77.69,3.36,69091,23.12202381,XOM
6/24/2019 16:00,76.95,3.36,69091,22.90178571,XOM
6/25/2019 16:00,76.27,3.36,69091,22.69940476,XOM
6/26/2019 16:00,76.6,3.36,69091,22.79761905,XOM
6/27/2019 16:00,75.82,3.36,69091,22.56547619,XOM
6/28/2019 16:00,76.63,3.36,69091,22.80654762,XOM
7/1/2019 16:00,76.56,3.36,65049,22.78571429,XOM
7/2/2019 16:00,75.72,3.36,65049,22.53571429,XOM
7/3/2019 13:00,76.44,3.36,65049,22.75,XOM
7/5/2019 16:00,76.13,3.36,65049,22.6577381,XOM
7/8/2019 16:00,76.48,3.36,65049,22.76190476,XOM
7/9/2019 16:00,76.43,3.36,65049,22.74702381,XOM
7/10/2019 16:00,77.51,3.36,65049,23.06845238,XOM
7/11/2019 16:00,77.57,3.36,65049,23.08630952,XOM
7/12/2019 16:00,77.63,3.36,65049,23.10416667,XOM
7/15/2019 16:00,77.08,3.36,65049,22.94047619,XOM
7/16/2019 16:00,75.93,3.36,65049,22.59821429,XOM
7/17/2019 16:00,75.48,3.36,65049,22.46428571,XOM
7/18/2019 16:00,74.84,3.36,65049,22.27380952,XOM
7/19/2019 16:00,74.99,3.36,65049,22.31845238,XOM
7/22/2019 16:00,75.07,3.36,65049,22.3422619,XOM
7/23/2019 16:00,75.37,3.36,65049,22.43154762,XOM
7/24/2019 16:00,75.36,3.36,65049,22.42857143,XOM
7/25/2019 16:00,74.93,3.36,65049,22.30059524,XOM
7/26/2019 16:00,74.81,3.36,65049,22.26488095,XOM
7/29/2019 16:00,75.34,3.36,65049,22.42261905,XOM
7/30/2019 16:00,75.35,3.36,65049,22.42559524,XOM
7/31/2019 16:00,74.36,3.36,65049,22.13095238,XOM
8/1/2019 16:00,72.46,3.36,65049,21.56547619,XOM
8/2/2019 16:00,71.75,3.36,65049,21.35416667,XOM
8/5/2019 16:00,70.28,3.36,65049,20.91666667,XOM
8/6/2019 16:00,70.96,3.36,65049,21.11904762,XOM
8/7/2019 16:00,70.5,3.36,65049,20.98214286,XOM
8/8/2019 16:00,72.38,3.36,65049,21.54166667,XOM
8/9/2019 16:00,70.84,3.36,65049,21.08333333,XOM
8/12/2019 16:00,69.63,3.36,65049,20.72321429,XOM
8/13/2019 16:00,70.49,3.36,65049,20.97916667,XOM
8/14/2019 16:00,67.65,3.36,65049,20.13392857,XOM
8/15/2019 16:00,67.25,3.36,65049,20.01488095,XOM
8/16/2019 16:00,68.3,3.36,65049,20.32738095,XOM
8/19/2019 16:00,69.45,3.36,65049,20.66964286,XOM
8/20/2019 16:00,69.03,3.36,65049,20.54464286,XOM
8/21/2019 16:00,69.72,3.36,65049,20.75,XOM
8/22/2019 16:00,69.57,3.36,65049,20.70535714,XOM
8/23/2019 16:00,67.49,3.36,65049,20.08630952,XOM
8/26/2019 16:00,67.85,3.36,65049,20.19345238,XOM
8/27/2019 16:00,67.19,3.36,65049,19.99702381,XOM
8/28/2019 16:00,67.68,3.36,65049,20.14285714,XOM
8/29/2019 16:00,68.43,3.36,65049,20.36607143,XOM
8/30/2019 16:00,68.48,3.36,65049,20.38095238,XOM
9/3/2019 16:00,68.56,3.36,65049,20.4047619,XOM
9/4/2019 16:00,69.29,3.36,65049,20.62202381,XOM
9/5/2019 16:00,70.27,3.36,65049,20.91369048,XOM
9/6/2019 16:00,70.93,3.36,65049,21.11011905,XOM
9/9/2019 16:00,71.49,3.36,65049,21.27678571,XOM
9/10/2019 16:00,72.07,3.36,65049,21.44940476,XOM
9/11/2019 16:00,71.93,3.36,65049,21.4077381,XOM
9/12/2019 16:00,71.98,3.36,65049,21.42261905,XOM
9/13/2019 16:00,72.64,3.36,65049,21.61904762,XOM
9/16/2019 16:00,73.73,3.36,65049,21.94345238,XOM
9/17/2019 16:00,73.17,3.36,65049,21.77678571,XOM
9/18/2019 16:00,72.82,3.36,65049,21.67261905,XOM
9/19/2019 16:00,72.33,3.36,65049,21.52678571,XOM
9/20/2019 16:00,72.08,3.36,65049,21.45238095,XOM
9/23/2019 16:00,72.13,3.36,65049,21.4672619,XOM
9/24/2019 16:00,71.14,3.36,65049,21.17261905,XOM
9/25/2019 16:00,71.35,3.36,65049,21.23511905,XOM
9/26/2019 16:00,70.97,3.36,65049,21.12202381,XOM
9/27/2019 16:00,71.48,3.36,65049,21.27380952,XOM
9/30/2019 16:00,70.61,3.36,65049,21.01488095,XOM
10/1/2019 16:00,68.95,3.36,67173,20.52083333,XOM
10/2/2019 16:00,67.15,3.36,67173,19.98511905,XOM
10/3/2019 16:00,67.98,3.36,67173,20.23214286,XOM
10/4/2019 16:00,68.97,3.36,67173,20.52678571,XOM
10/7/2019 16:00,68.02,3.36,67173,20.24404762,XOM
10/8/2019 16:00,66.7,3.36,67173,19.85119048,XOM
10/9/2019 16:00,67.44,3.36,67173,20.07142857,XOM
10/10/2019 16:00,68.25,3.36,67173,20.3125,XOM
10/11/2019 16:00,68.98,3.36,67173,20.5297619,XOM
10/14/2019 16:00,69.18,3.36,67173,20.58928571,XOM
10/15/2019 16:00,69.42,3.36,67173,20.66071429,XOM
10/16/2019 16:00,68.23,3.36,67173,20.30654762,XOM
10/17/2019 16:00,68.14,3.36,67173,20.2797619,XOM
10/18/2019 16:00,67.61,3.36,67173,20.12202381,XOM
10/21/2019 16:00,68.74,3.36,67173,20.45833333,XOM
10/22/2019 16:00,69.09,3.36,67173,20.5625,XOM
10/23/2019 16:00,69.75,3.36,67173,20.75892857,XOM
10/24/2019 16:00,69.09,3.36,67173,20.5625,XOM
10/25/2019 16:00,69.25,3.36,67173,20.61011905,XOM
10/28/2019 16:00,68.64,3.36,67173,20.42857143,XOM
10/29/2019 16:00,68.44,3.36,67173,20.36904762,XOM
10/30/2019 16:00,67.72,3.36,67173,20.1547619,XOM
10/31/2019 16:00,67.57,3.36,67173,20.11011905,XOM
11/1/2019 16:00,69.6,3.36,67173,20.71428571,XOM
11/4/2019 16:00,71.67,3.36,67173,21.33035714,XOM
11/5/2019 16:00,73.09,3.36,67173,21.75297619,XOM
11/6/2019 16:00,71.49,3.36,67173,21.27678571,XOM
11/7/2019 16:00,73.01,3.36,67173,21.72916667,XOM
11/8/2019 16:00,70.77,3.36,67173,21.0625,XOM
11/11/2019 16:00,70.34,3.36,67173,20.93452381,XOM
11/12/2019 16:00,69.37,3.36,67173,20.64583333,XOM
11/13/2019 16:00,68.8,3.36,67173,20.47619048,XOM
11/14/2019 16:00,68.5,3.36,67173,20.38690476,XOM
11/15/2019 16:00,69.19,3.36,67173,20.5922619,XOM
11/18/2019 16:00,68.52,3.36,67173,20.39285714,XOM
11/19/2019 16:00,67.82,3.36,67173,20.18452381,XOM
11/20/2019 16:00,68.03,3.36,67173,20.24702381,XOM
11/21/2019 16:00,69.67,3.36,67173,20.73511905,XOM
11/22/2019 16:00,69.37,3.36,67173,20.64583333,XOM
11/25/2019 16:00,68.91,3.36,67173,20.50892857,XOM
11/26/2019 16:00,68.74,3.36,67173,20.45833333,XOM
11/27/2019 16:00,68.7,3.36,67173,20.44642857,XOM
11/29/2019 13:00,68.13,3.36,67173,20.27678571,XOM
12/2/2019 16:00,68.42,3.36,67173,20.36309524,XOM
12/3/2019 16:00,67.88,3.36,67173,20.20238095,XOM
12/4/2019 16:00,68.65,3.36,67173,20.43154762,XOM
12/5/2019 16:00,68.41,3.36,67173,20.36011905,XOM
12/6/2019 16:00,69.51,3.36,67173,20.6875,XOM
12/9/2019 16:00,69.66,3.36,67173,20.73214286,XOM
12/10/2019 16:00,69.06,3.36,67173,20.55357143,XOM
12/11/2019 16:00,68.96,3.36,67173,20.52380952,XOM
12/12/2019 16:00,70.34,3.36,67173,20.93452381,XOM
12/13/2019 16:00,69.23,3.36,67173,20.60416667,XOM
12/16/2019 16:00,70,3.36,67173,20.83333333,XOM
12/17/2019 16:00,69.68,3.36,67173,20.73809524,XOM
12/18/2019 16:00,69.87,3.36,67173,20.79464286,XOM
12/19/2019 16:00,69.39,3.36,67173,20.65178571,XOM
12/20/2019 16:00,69.94,3.36,67173,20.81547619,XOM
12/23/2019 16:00,70.29,3.36,67173,20.91964286,XOM
12/24/2019 13:00,70.02,3.36,67173,20.83928571,XOM
12/26/2019 16:00,70.13,3.36,67173,20.87202381,XOM
12/27/2019 16:00,69.89,3.36,67173,20.80059524,XOM
12/30/2019 16:00,69.48,3.36,67173,20.67857143,XOM
12/31/2019 16:00,69.78,3.36,67173,20.76785714,XOM
1/2/2020 16:00,70.9,-5.25,56158,0,XOM
1/3/2020 16:00,70.33,-5.25,56158,0,XOM
1/6/2020 16:00,70.87,-5.25,56158,0,XOM
1/7/2020 16:00,70.29,-5.25,56158,0,XOM
1/8/2020 16:00,69.23,-5.25,56158,0,XOM
1/9/2020 16:00,69.76,-5.25,56158,0,XOM
1/10/2020 16:00,69.14,-5.25,56158,0,XOM
1/13/2020 16:00,69.8,-5.25,56158,0,XOM
1/14/2020 16:00,69.2,-5.25,56158,0,XOM
1/15/2020 16:00,69.09,-5.25,56158,0,XOM
1/16/2020 16:00,68.82,-5.25,56158,0,XOM
1/17/2020 16:00,68.56,-5.25,56158,0,XOM
1/21/2020 16:00,67.58,-5.25,56158,0,XOM
1/22/2020 16:00,67.19,-5.25,56158,0,XOM
1/23/2020 16:00,66.77,-5.25,56158,0,XOM
1/24/2020 16:00,66.32,-5.25,56158,0,XOM
1/27/2020 16:00,64.74,-5.25,56158,0,XOM
1/28/2020 16:00,64.65,-5.25,56158,0,XOM
1/29/2020 16:00,64.11,-5.25,56158,0,XOM
1/30/2020 16:00,64.79,-5.25,56158,0,XOM
1/31/2020 16:00,62.12,-5.25,56158,0,XOM
2/3/2020 16:00,60.73,-5.25,56158,0,XOM
2/4/2020 16:00,59.97,-5.25,56158,0,XOM
2/5/2020 16:00,62.73,-5.25,56158,0,XOM
2/6/2020 16:00,61.88,-5.25,56158,0,XOM
2/7/2020 16:00,61.47,-5.25,56158,0,XOM
2/10/2020 16:00,59.96,-5.25,56158,0,XOM
2/11/2020 16:00,60.53,-5.25,56158,0,XOM
2/12/2020 16:00,61.27,-5.25,56158,0,XOM
2/13/2020 16:00,60.93,-5.25,56158,0,XOM
2/14/2020 16:00,60.65,-5.25,56158,0,XOM
2/18/2020 16:00,59.88,-5.25,56158,0,XOM
2/19/2020 16:00,60.34,-5.25,56158,0,XOM
2/20/2020 16:00,59.86,-5.25,56158,0,XOM
2/21/2020 16:00,59.13,-5.25,56158,0,XOM
2/24/2020 16:00,56.36,-5.25,56158,0,XOM
2/25/2020 16:00,54.2,-5.25,56158,0,XOM
2/26/2020 16:00,53.01,-5.25,56158,0,XOM
2/27/2020 16:00,49.82,-5.25,56158,0,XOM
2/28/2020 16:00,51.44,-5.25,56158,0,XOM
3/2/2020 16:00,53.88,-5.25,56158,0,XOM
3/3/2020 16:00,51.3,-5.25,56158,0,XOM
3/4/2020 16:00,52.42,-5.25,56158,0,XOM
3/5/2020 16:00,50.11,-5.25,56158,0,XOM
3/6/2020 16:00,47.69,-5.25,56158,0,XOM
3/9/2020 16:00,41.86,-5.25,56158,0,XOM
3/10/2020 16:00,43.41,-5.25,56158,0,XOM
3/11/2020 16:00,41.98,-5.25,56158,0,XOM
3/12/2020 16:00,37.18,-5.25,56158,0,XOM
3/13/2020 16:00,38.12,-5.25,56158,0,XOM
3/16/2020 16:00,34.49,-5.25,56158,0,XOM
3/17/2020 16:00,36.81,-5.25,56158,0,XOM
3/18/2020 16:00,33.12,-5.25,56158,0,XOM
3/19/2020 16:00,34.43,-5.25,56158,0,XOM
3/20/2020 16:00,32.74,-5.25,56158,0,XOM
3/23/2020 16:00,31.45,-5.25,56158,0,XOM
3/24/2020 16:00,35.44,-5.25,56158,0,XOM
3/25/2020 16:00,37.29,-5.25,56158,0,XOM
3/26/2020 16:00,38.82,-5.25,56158,0,XOM
3/27/2020 16:00,36.95,-5.25,56158,0,XOM
3/30/2020 16:00,37.5,-5.25,56158,0,XOM
3/31/2020 16:00,37.97,-5.25,56158,0,XOM
4/1/2020 16:00,37.53,-5.25,32605,0,XOM
4/2/2020 16:00,40.4,-5.25,32605,0,XOM
4/3/2020 16:00,39.21,-5.25,32605,0,XOM
4/6/2020 16:00,40.47,-5.25,32605,0,XOM
4/7/2020 16:00,41.24,-5.25,32605,0,XOM
4/8/2020 16:00,43.85,-5.25,32605,0,XOM
4/9/2020 16:00,43.13,-5.25,32605,0,XOM
4/13/2020 16:00,42.76,-5.25,32605,0,XOM
4/14/2020 16:00,42.43,-5.25,32605,0,XOM
4/15/2020 16:00,40.48,-5.25,32605,0,XOM
4/16/2020 16:00,39.15,-5.25,32605,0,XOM
4/17/2020 16:00,43.22,-5.25,32605,0,XOM
4/20/2020 16:00,41.18,-5.25,32605,0,XOM
4/21/2020 16:00,40.96,-5.25,32605,0,XOM
4/22/2020 16:00,42.13,-5.25,32605,0,XOM
4/23/2020 16:00,43.45,-5.25,32605,0,XOM
4/24/2020 16:00,43.73,-5.25,32605,0,XOM
4/27/2020 16:00,43.94,-5.25,32605,0,XOM
4/28/2020 16:00,44.97,-5.25,32605,0,XOM
4/29/2020 16:00,47.46,-5.25,32605,0,XOM
4/30/2020 16:00,46.47,-5.25,32605,0,XOM
5/1/2020 16:00,43.14,-5.25,32605,0,XOM
5/4/2020 16:00,44.88,-5.25,32605,0,XOM
5/5/2020 16:00,44.83,-5.25,32605,0,XOM
5/6/2020 16:00,43.99,-5.25,32605,0,XOM
5/7/2020 16:00,44.24,-5.25,32605,0,XOM
5/8/2020 16:00,46.18,-5.25,32605,0,XOM
5/11/2020 16:00,45.74,-5.25,32605,0,XOM
5/12/2020 16:00,44.12,-5.25,32605,0,XOM
5/13/2020 16:00,41.93,-5.25,32605,0,XOM
5/14/2020 16:00,42.3,-5.25,32605,0,XOM
5/15/2020 16:00,42,-5.25,32605,0,XOM
5/18/2020 16:00,45.34,-5.25,32605,0,XOM
5/19/2020 16:00,43.94,-5.25,32605,0,XOM
5/20/2020 16:00,45.37,-5.25,32605,0,XOM
5/21/2020 16:00,44.56,-5.25,32605,0,XOM
5/22/2020 16:00,44.6,-5.25,32605,0,XOM
5/26/2020 16:00,45.91,-5.25,32605,0,XOM
5/27/2020 16:00,46.24,-5.25,32605,0,XOM
5/28/2020 16:00,45.04,-5.25,32605,0,XOM
5/29/2020 16:00,45.47,-5.25,32605,0,XOM
6/1/2020 16:00,46.28,-5.25,32605,0,XOM
6/2/2020 16:00,47.31,-5.25,32605,0,XOM
6/3/2020 16:00,49.24,-5.25,32605,0,XOM
6/4/2020 16:00,49.1,-5.25,32605,0,XOM
6/5/2020 16:00,53.08,-5.25,32605,0,XOM
6/8/2020 16:00,54.74,-5.25,32605,0,XOM
6/9/2020 16:00,53.52,-5.25,32605,0,XOM
6/10/2020 16:00,50.65,-5.25,32605,0,XOM
6/11/2020 16:00,46.18,-5.25,32605,0,XOM
6/12/2020 16:00,47.17,-5.25,32605,0,XOM
6/15/2020 16:00,47.14,-5.25,32605,0,XOM
6/16/2020 16:00,48.2,-5.25,32605,0,XOM
6/17/2020 16:00,46.63,-5.25,32605,0,XOM
6/18/2020 16:00,46.92,-5.25,32605,0,XOM
6/19/2020 16:00,45.98,-5.25,32605,0,XOM
6/22/2020 16:00,46.42,-5.25,32605,0,XOM
6/23/2020 16:00,46.7,-5.25,32605,0,XOM
6/24/2020 16:00,44.5,-5.25,32605,0,XOM
6/25/2020 16:00,45.17,-5.25,32605,0,XOM
6/26/2020 16:00,43.62,-5.25,32605,0,XOM
6/29/2020 16:00,44.32,-5.25,32605,0,XOM
6/30/2020 16:00,44.72,-5.25,32605,0,XOM
7/1/2020 16:00,43.71,-5.25,46199,0,XOM
7/2/2020 16:00,44.08,-5.25,46199,0,XOM
7/6/2020 16:00,44.39,-5.25,46199,0,XOM
7/7/2020 16:00,43.24,-5.25,46199,0,XOM
7/8/2020 16:00,43.14,-5.25,46199,0,XOM
7/9/2020 16:00,41.36,-5.25,46199,0,XOM
7/10/2020 16:00,42.65,-5.25,46199,0,XOM
7/13/2020 16:00,42.66,-5.25,46199,0,XOM
7/14/2020 16:00,44.07,-5.25,46199,0,XOM
7/15/2020 16:00,44.63,-5.25,46199,0,XOM
7/16/2020 16:00,44.28,-5.25,46199,0,XOM
7/17/2020 16:00,43.52,-5.25,46199,0,XOM
7/20/2020 16:00,42.5,-5.25,46199,0,XOM
7/21/2020 16:00,44.65,-5.25,46199,0,XOM
7/22/2020 16:00,43.61,-5.25,46199,0,XOM
7/23/2020 16:00,43.7,-5.25,46199,0,XOM
7/24/2020 16:00,43.43,-5.25,46199,0,XOM
7/27/2020 16:00,44.07,-5.25,46199,0,XOM
7/28/2020 16:00,43.55,-5.25,46199,0,XOM
7/29/2020 16:00,44.03,-5.25,46199,0,XOM
7/30/2020 16:00,41.87,-5.25,46199,0,XOM
7/31/2020 16:00,42.08,-5.25,46199,0,XOM
8/3/2020 16:00,42.25,-5.25,46199,0,XOM
8/4/2020 16:00,43.47,-5.25,46199,0,XOM
8/5/2020 16:00,43.85,-5.25,46199,0,XOM
8/6/2020 16:00,43.64,-5.25,46199,0,XOM
8/7/2020 16:00,43.44,-5.25,46199,0,XOM
8/10/2020 16:00,44.51,-5.25,46199,0,XOM
8/11/2020 16:00,44.97,-5.25,46199,0,XOM
8/12/2020 16:00,44.09,-5.25,46199,0,XOM
8/13/2020 16:00,43.01,-5.25,46199,0,XOM
8/14/2020 16:00,43.2,-5.25,46199,0,XOM
8/17/2020 16:00,42.64,-5.25,46199,0,XOM
8/18/2020 16:00,42.43,-5.25,46199,0,XOM
8/19/2020 16:00,41.96,-5.25,46199,0,XOM
8/20/2020 16:00,41.32,-5.25,46199,0,XOM
8/21/2020 16:00,41.01,-5.25,46199,0,XOM
8/24/2020 16:00,42.22,-5.25,46199,0,XOM
8/25/2020 16:00,40.88,-5.25,46199,0,XOM
8/26/2020 16:00,40.01,-5.25,46199,0,XOM
8/27/2020 16:00,39.74,-5.25,46199,0,XOM
8/28/2020 16:00,40.69,-5.25,46199,0,XOM
8/31/2020 16:00,39.94,-5.25,46199,0,XOM
9/1/2020 16:00,39.43,-5.25,46199,0,XOM
9/2/2020 16:00,39.19,-5.25,46199,0,XOM
9/3/2020 16:00,39.11,-5.25,46199,0,XOM
9/4/2020 16:00,39.08,-5.25,46199,0,XOM
9/8/2020 16:00,38.18,-5.25,46199,0,XOM
9/9/2020 16:00,37.95,-5.25,46199,0,XOM
9/10/2020 16:00,37,-5.25,46199,0,XOM
9/11/2020 16:00,36.9,-5.25,46199,0,XOM
9/14/2020 16:00,36.66,-5.25,46199,0,XOM
9/15/2020 16:00,36.27,-5.25,46199,0,XOM
9/16/2020 16:00,37.81,-5.25,46199,0,XOM
9/17/2020 16:00,37.8,-5.25,46199,0,XOM
9/18/2020 16:00,37.19,-5.25,46199,0,XOM
9/21/2020 16:00,36.43,-5.25,46199,0,XOM
9/22/2020 16:00,35.53,-5.25,46199,0,XOM
9/23/2020 16:00,34.39,-5.25,46199,0,XOM
9/24/2020 16:00,34.32,-5.25,46199,0,XOM
9/25/2020 16:00,34.64,-5.25,46199,0,XOM
9/28/2020 16:00,35.31,-5.25,46199,0,XOM
9/29/2020 16:00,34.28,-5.25,46199,0,XOM
9/30/2020 16:00,34.33,-5.25,46199,0,XOM
10/1/2020 16:00,33.13,-5.25,46540,0,XOM
10/2/2020 16:00,32.98,-5.25,46540,0,XOM
10/5/2020 16:00,33.74,-5.25,46540,0,XOM
10/6/2020 16:00,33.39,-5.25,46540,0,XOM
10/7/2020 16:00,33.5,-5.25,46540,0,XOM
10/8/2020 16:00,35.26,-5.25,46540,0,XOM
10/9/2020 16:00,34.74,-5.25,46540,0,XOM
10/12/2020 16:00,34.63,-5.25,46540,0,XOM
10/13/2020 16:00,34.22,-5.25,46540,0,XOM
10/14/2020 16:00,34.15,-5.25,46540,0,XOM
10/15/2020 16:00,34.45,-5.25,46540,0,XOM
10/16/2020 16:00,34.1,-5.25,46540,0,XOM
10/19/2020 16:00,33.42,-5.25,46540,0,XOM
10/20/2020 16:00,33.7,-5.25,46540,0,XOM
10/21/2020 16:00,33.16,-5.25,46540,0,XOM
10/22/2020 16:00,34.86,-5.25,46540,0,XOM
10/23/2020 16:00,34.16,-5.25,46540,0,XOM
10/26/2020 16:00,33.35,-5.25,46540,0,XOM
10/27/2020 16:00,32.82,-5.25,46540,0,XOM
10/28/2020 16:00,31.57,-5.25,46540,0,XOM
10/29/2020 16:00,32.97,-5.25,46540,0,XOM
10/30/2020 16:00,32.62,-5.25,46540,0,XOM
11/2/2020 16:00,33.99,-5.25,46540,0,XOM
11/3/2020 16:00,33.41,-5.25,46540,0,XOM
11/4/2020 16:00,33.23,-5.25,46540,0,XOM
11/5/2020 16:00,33.17,-5.25,46540,0,XOM
11/6/2020 16:00,32.78,-5.25,46540,0,XOM
11/9/2020 16:00,36.93,-5.25,46540,0,XOM
11/10/2020 16:00,36.86,-5.25,46540,0,XOM
11/11/2020 16:00,36.48,-5.25,46540,0,XOM
11/12/2020 16:00,35.23,-5.25,46540,0,XOM
11/13/2020 16:00,36.08,-5.25,46540,0,XOM
11/16/2020 16:00,38.16,-5.25,46540,0,XOM
11/17/2020 16:00,38.67,-5.25,46540,0,XOM
11/18/2020 16:00,37.21,-5.25,46540,0,XOM
11/19/2020 16:00,37.4,-5.25,46540,0,XOM
11/20/2020 16:00,36.94,-5.25,46540,0,XOM
11/23/2020 16:00,39.36,-5.25,46540,0,XOM
11/24/2020 16:00,41.98,-5.25,46540,0,XOM
11/25/2020 16:00,40.81,-5.25,46540,0,XOM
11/27/2020 13:00,40.19,-5.25,46540,0,XOM
11/30/2020 16:00,38.13,-5.25,46540,0,XOM
12/1/2020 16:00,38.5,-5.25,46540,0,XOM
12/2/2020 16:00,39.94,-5.25,46540,0,XOM
12/3/2020 16:00,40.21,-5.25,46540,0,XOM
12/4/2020 16:00,41.68,-5.25,46540,0,XOM
12/7/2020 16:00,40.9,-5.25,46540,0,XOM
12/8/2020 16:00,42.24,-5.25,46540,0,XOM
12/9/2020 16:00,42.8,-5.25,46540,0,XOM
12/10/2020 16:00,44.01,-5.25,46540,0,XOM
12/11/2020 16:00,43.8,-5.25,46540,0,XOM
12/14/2020 16:00,42.22,-5.25,46540,0,XOM
12/15/2020 16:00,43.04,-5.25,46540,0,XOM
12/16/2020 16:00,43.7,-5.25,46540,0,XOM
12/17/2020 16:00,43.48,-5.25,46540,0,XOM
12/18/2020 16:00,42.73,-5.25,46540,0,XOM
12/21/2020 16:00,41.95,-5.25,46540,0,XOM
12/22/2020 16:00,41.24,-5.25,46540,0,XOM
12/23/2020 16:00,41.77,-5.25,46540,0,XOM
12/24/2020 13:00,41.6,-5.25,46540,0,XOM
12/28/2020 16:00,41.74,-5.25,46540,0,XOM
12/29/2020 16:00,41.27,-5.25,46540,0,XOM
12/30/2020 16:00,41.6,-5.25,46540,0,XOM
12/31/2020 16:00,41.22,-5.25,46540,0,XOM
1/4/2021 16:00,41.5,5.39,57552,7.699443414,XOM
1/5/2021 16:00,43.5,5.39,57552,8.070500928,XOM
1/6/2021 16:00,44.61,5.39,57552,8.276437848,XOM
1/7/2021 16:00,44.96,5.39,57552,8.341372913,XOM
1/8/2021 16:00,45.46,5.39,57552,8.434137291,XOM
1/11/2021 16:00,46.84,5.39,57552,8.690166976,XOM
1/12/2021 16:00,47.88,5.39,57552,8.883116883,XOM
1/13/2021 16:00,48.42,5.39,57552,8.983302412,XOM
1/14/2021 16:00,50.31,5.39,57552,9.333951763,XOM
1/15/2021 16:00,47.89,5.39,57552,8.884972171,XOM
1/19/2021 16:00,48.84,5.39,57552,9.06122449,XOM
1/20/2021 16:00,49.53,5.39,57552,9.189239332,XOM
1/21/2021 16:00,48.11,5.39,57552,8.925788497,XOM
1/22/2021 16:00,47.43,5.39,57552,8.799628942,XOM
1/25/2021 16:00,46.9,5.39,57552,8.701298701,XOM
1/26/2021 16:00,45.87,5.39,57552,8.510204082,XOM
1/27/2021 16:00,45.35,5.39,57552,8.413729128,XOM
1/28/2021 16:00,46.06,5.39,57552,8.545454545,XOM
1/29/2021 16:00,44.84,5.39,57552,8.319109462,XOM
2/1/2021 16:00,44.92,5.39,57552,8.333951763,XOM
2/2/2021 16:00,45.63,5.39,57552,8.46567718,XOM
2/3/2021 16:00,47.42,5.39,57552,8.797773655,XOM
2/4/2021 16:00,48.33,5.39,57552,8.966604824,XOM
2/5/2021 16:00,49.95,5.39,57552,9.26716141,XOM
2/8/2021 16:00,52.1,5.39,57552,9.666048237,XOM
2/9/2021 16:00,50.63,5.39,57552,9.393320965,XOM
2/10/2021 16:00,51.12,5.39,57552,9.484230056,XOM
2/11/2021 16:00,49.84,5.39,57552,9.246753247,XOM
2/12/2021 16:00,50.52,5.39,57552,9.372912801,XOM
2/16/2021 16:00,52.04,5.39,57552,9.654916512,XOM
2/17/2021 16:00,52.85,5.39,57552,9.805194805,XOM
2/18/2021 16:00,52.02,5.39,57552,9.651205937,XOM
2/19/2021 16:00,52.37,5.39,57552,9.716141002,XOM
2/22/2021 16:00,54.3,5.39,57552,10.0742115,XOM
2/23/2021 16:00,55.05,5.39,57552,10.21335807,XOM
2/24/2021 16:00,56.7,5.39,57552,10.51948052,XOM
2/25/2021 16:00,55.76,5.39,57552,10.34508349,XOM
2/26/2021 16:00,54.37,5.39,57552,10.08719852,XOM
3/1/2021 16:00,56.4,5.39,57552,10.46382189,XOM
3/2/2021 16:00,56.07,5.39,57552,10.4025974,XOM
3/3/2021 16:00,56.52,5.39,57552,10.48608534,XOM
3/4/2021 16:00,58.71,5.39,57552,10.89239332,XOM
3/5/2021 16:00,60.93,5.39,57552,11.30426716,XOM
3/8/2021 16:00,60.87,5.39,57552,11.29313544,XOM
3/9/2021 16:00,59.93,5.39,57552,11.1187384,XOM
3/10/2021 16:00,61.77,5.39,57552,11.46011132,XOM
3/11/2021 16:00,61.31,5.39,57552,11.37476809,XOM
3/12/2021 16:00,61.97,5.39,57552,11.49721707,XOM
3/15/2021 16:00,60.39,5.39,57552,11.20408163,XOM
3/16/2021 16:00,59.11,5.39,57552,10.96660482,XOM
3/17/2021 16:00,59.37,5.39,57552,11.0148423,XOM
3/18/2021 16:00,56.81,5.39,57552,10.53988868,XOM
3/19/2021 16:00,56.49,5.39,57552,10.48051948,XOM
3/22/2021 16:00,55.91,5.39,57552,10.3729128,XOM
3/23/2021 16:00,55.22,5.39,57552,10.24489796,XOM
3/24/2021 16:00,56.34,5.39,57552,10.45269017,XOM
3/25/2021 16:00,56.18,5.39,57552,10.42300557,XOM
3/26/2021 16:00,57.71,5.39,57552,10.70686456,XOM
3/29/2021 16:00,57.4,5.39,57552,10.64935065,XOM
3/30/2021 16:00,56.69,5.39,57552,10.51762523,XOM
3/31/2021 16:00,55.83,5.39,57552,10.3580705,XOM
4/1/2021 16:00,57.39,5.39,65943,10.64749536,XOM
4/5/2021 16:00,56.5,5.39,65943,10.48237477,XOM
4/6/2021 16:00,56.34,5.39,65943,10.45269017,XOM
4/7/2021 16:00,56.59,5.39,65943,10.49907236,XOM
4/8/2021 16:00,56,5.39,65943,10.38961039,XOM
4/9/2021 16:00,55.87,5.39,65943,10.36549165,XOM
4/12/2021 16:00,55.5,5.39,65943,10.29684601,XOM
4/13/2021 16:00,55.71,5.39,65943,10.33580705,XOM
4/14/2021 16:00,57.32,5.39,65943,10.63450835,XOM
4/15/2021 16:00,56.98,5.39,65943,10.57142857,XOM
4/16/2021 16:00,56.66,5.39,65943,10.51205937,XOM
4/19/2021 16:00,56.48,5.39,65943,10.47866419,XOM
4/20/2021 16:00,55.29,5.39,65943,10.25788497,XOM
4/21/2021 16:00,56,5.39,65943,10.38961039,XOM
4/22/2021 16:00,55.27,5.39,65943,10.2541744,XOM
4/23/2021 16:00,55.57,5.39,65943,10.30983302,XOM
4/26/2021 16:00,55.68,5.39,65943,10.33024119,XOM
4/27/2021 16:00,56.41,5.39,65943,10.46567718,XOM
4/28/2021 16:00,58.11,5.39,65943,10.78107607,XOM
4/29/2021 16:00,58.94,5.39,65943,10.93506494,XOM
4/30/2021 16:00,57.24,5.39,65943,10.61966605,XOM
5/3/2021 16:00,58.82,5.39,65943,10.91280148,XOM
5/4/2021 16:00,59.19,5.39,65943,10.98144712,XOM
5/5/2021 16:00,60.97,5.39,65943,11.31168831,XOM
5/6/2021 16:00,61.55,5.39,65943,11.41929499,XOM
5/7/2021 16:00,62.43,5.39,65943,11.5825603,XOM
5/10/2021 16:00,62.58,5.39,65943,11.61038961,XOM
5/11/2021 16:00,60.59,5.39,65943,11.24118738,XOM
5/12/2021 16:00,60.04,5.39,65943,11.13914657,XOM
5/13/2021 16:00,59.3,5.39,65943,11.00185529,XOM
5/14/2021 16:00,60.77,5.39,65943,11.27458256,XOM
5/17/2021 16:00,62.19,5.39,65943,11.5380334,XOM
5/18/2021 16:00,60.43,5.39,65943,11.21150278,XOM
5/19/2021 16:00,58.98,5.39,65943,10.94248609,XOM
5/20/2021 16:00,58.84,5.39,65943,10.91651206,XOM
5/21/2021 16:00,58.92,5.39,65943,10.93135436,XOM
5/24/2021 16:00,59.61,5.39,65943,11.0593692,XOM
5/25/2021 16:00,58.26,5.39,65943,10.80890538,XOM
5/26/2021 16:00,58.94,5.39,65943,10.93506494,XOM
5/27/2021 16:00,58.56,5.39,65943,10.86456401,XOM
5/28/2021 16:00,58.37,5.39,65943,10.82931354,XOM
6/1/2021 16:00,60.46,5.39,65943,11.21706865,XOM
6/2/2021 16:00,60.94,5.39,65943,11.30612245,XOM
6/3/2021 16:00,61.18,5.39,65943,11.35064935,XOM
6/4/2021 16:00,61.45,5.39,65943,11.40074212,XOM
6/7/2021 16:00,61.05,5.39,65943,11.32653061,XOM
6/8/2021 16:00,62.13,5.39,65943,11.52690167,XOM
6/9/2021 16:00,62.65,5.39,65943,11.62337662,XOM
6/10/2021 16:00,62.75,5.39,65943,11.6419295,XOM
6/11/2021 16:00,62.17,5.39,65943,11.53432282,XOM
6/14/2021 16:00,62.07,5.39,65943,11.51576994,XOM
6/15/2021 16:00,64.33,5.39,65943,11.93506494,XOM
6/16/2021 16:00,64.1,5.39,65943,11.89239332,XOM
6/17/2021 16:00,61.99,5.39,65943,11.50092764,XOM
6/18/2021 16:00,60.4,5.39,65943,11.20593692,XOM
6/21/2021 16:00,62.59,5.39,65943,11.6122449,XOM
6/22/2021 16:00,63.79,5.39,65943,11.83487941,XOM
6/23/2021 16:00,64.26,5.39,65943,11.92207792,XOM
6/24/2021 16:00,64.52,5.39,65943,11.9703154,XOM
6/25/2021 16:00,64.66,5.39,65943,11.99628942,XOM
6/28/2021 16:00,63.01,5.39,65943,11.69016698,XOM
6/29/2021 16:00,62.62,5.39,65943,11.61781076,XOM
6/30/2021 16:00,63.08,5.39,65943,11.70315399,XOM
7/1/2021 16:00,63.26,5.39,73786,11.73654917,XOM
7/2/2021 16:00,63.17,5.39,73786,11.71985158,XOM
7/6/2021 16:00,61.37,5.39,73786,11.38589981,XOM
7/7/2021 16:00,60.41,5.39,73786,11.20779221,XOM
7/8/2021 16:00,60.14,5.39,73786,11.15769944,XOM
7/9/2021 16:00,61.23,5.39,73786,11.35992579,XOM
7/12/2021 16:00,61.17,5.39,73786,11.34879406,XOM
7/13/2021 16:00,60.88,5.39,73786,11.29499072,XOM
7/14/2021 16:00,59.53,5.39,73786,11.0445269,XOM
7/15/2021 16:00,58.95,5.39,73786,10.93692022,XOM
7/16/2021 16:00,57.32,5.39,73786,10.63450835,XOM
7/19/2021 16:00,55.35,5.39,73786,10.2690167,XOM
7/20/2021 16:00,55.96,5.39,73786,10.38218924,XOM
7/21/2021 16:00,57.76,5.39,73786,10.716141,XOM
7/22/2021 16:00,57.11,5.39,73786,10.59554731,XOM
7/23/2021 16:00,57.04,5.39,73786,10.5825603,XOM
7/26/2021 16:00,58.48,5.39,73786,10.84972171,XOM
7/27/2021 16:00,57.83,5.39,73786,10.72912801,XOM
7/28/2021 16:00,58.22,5.39,73786,10.80148423,XOM
7/29/2021 16:00,58.93,5.39,73786,10.93320965,XOM
7/30/2021 16:00,57.57,5.39,73786,10.68089054,XOM
8/2/2021 16:00,57.58,5.39,73786,10.68274583,XOM
8/3/2021 16:00,58.2,5.39,73786,10.79777365,XOM
8/4/2021 16:00,56.84,5.39,73786,10.54545455,XOM
8/5/2021 16:00,57.2,5.39,73786,10.6122449,XOM
8/6/2021 16:00,57.86,5.39,73786,10.73469388,XOM
8/9/2021 16:00,57.2,5.39,73786,10.6122449,XOM
8/10/2021 16:00,58.18,5.39,73786,10.79406308,XOM
8/11/2021 16:00,58.35,5.39,73786,10.82560297,XOM
8/12/2021 16:00,57.35,5.39,73786,10.64007421,XOM
8/13/2021 16:00,56.77,5.39,73786,10.53246753,XOM
8/16/2021 16:00,55.94,5.39,73786,10.37847866,XOM
8/17/2021 16:00,55.56,5.39,73786,10.30797774,XOM
8/18/2021 16:00,54.39,5.39,73786,10.09090909,XOM
8/19/2021 16:00,52.73,5.39,73786,9.782931354,XOM
8/20/2021 16:00,52.74,5.39,73786,9.784786642,XOM
8/23/2021 16:00,54.91,5.39,73786,10.18738404,XOM
8/24/2021 16:00,55.36,5.39,73786,10.27087199,XOM
8/25/2021 16:00,55.46,5.39,73786,10.28942486,XOM
8/26/2021 16:00,54.71,5.39,73786,10.15027829,XOM
8/27/2021 16:00,55.77,5.39,73786,10.34693878,XOM
8/30/2021 16:00,55.16,5.39,73786,10.23376623,XOM
8/31/2021 16:00,54.52,5.39,73786,10.11502783,XOM
9/1/2021 16:00,53.77,5.39,73786,9.975881262,XOM
9/2/2021 16:00,55.08,5.39,73786,10.21892393,XOM
9/3/2021 16:00,54.87,5.39,73786,10.17996289,XOM
9/7/2021 16:00,54.55,5.39,73786,10.12059369,XOM
9/8/2021 16:00,54.05,5.39,73786,10.02782931,XOM
9/9/2021 16:00,54.09,5.39,73786,10.03525046,XOM
9/10/2021 16:00,53.98,5.39,73786,10.0148423,XOM
9/13/2021 16:00,55.37,5.39,73786,10.27272727,XOM
9/14/2021 16:00,54.58,5.39,73786,10.12615955,XOM
9/15/2021 16:00,56.42,5.39,73786,10.46753247,XOM
9/16/2021 16:00,55.82,5.39,73786,10.35621521,XOM
9/17/2021 16:00,55.16,5.39,73786,10.23376623,XOM
9/20/2021 16:00,53.69,5.39,73786,9.961038961,XOM
9/21/2021 16:00,53.64,5.39,73786,9.951762523,XOM
9/22/2021 16:00,55.21,5.39,73786,10.24304267,XOM
9/23/2021 16:00,57.08,5.39,73786,10.58998145,XOM
9/24/2021 16:00,57.59,5.39,73786,10.68460111,XOM
9/27/2021 16:00,59.3,5.39,73786,11.00185529,XOM
9/28/2021 16:00,59.92,5.39,73786,11.11688312,XOM
9/29/2021 16:00,59.88,5.39,73786,11.10946197,XOM
9/30/2021 16:00,58.82,5.39,73786,10.91280148,XOM
10/1/2021 16:00,60.93,5.39,84965,11.30426716,XOM
10/4/2021 16:00,61.72,5.39,84965,11.45083488,XOM
10/5/2021 16:00,61.62,5.39,84965,11.432282,XOM
10/6/2021 16:00,60.49,5.39,84965,11.22263451,XOM
10/7/2021 16:00,60.66,5.39,84965,11.2541744,XOM
10/8/2021 16:00,62.18,5.39,84965,11.53617811,XOM
10/11/2021 16:00,61.56,5.39,84965,11.42115028,XOM
10/12/2021 16:00,61.24,5.39,84965,11.36178108,XOM
10/13/2021 16:00,61.07,5.39,84965,11.33024119,XOM
10/14/2021 16:00,62,5.39,84965,11.50278293,XOM
10/15/2021 16:00,62.59,5.39,84965,11.6122449,XOM
10/18/2021 16:00,62.56,5.39,84965,11.60667904,XOM
10/19/2021 16:00,63.5,5.39,84965,11.78107607,XOM
10/20/2021 16:00,63.85,5.39,84965,11.84601113,XOM
10/21/2021 16:00,62.69,5.39,84965,11.63079777,XOM
10/22/2021 16:00,63.12,5.39,84965,11.71057514,XOM
10/25/2021 16:00,64.35,5.39,84965,11.93877551,XOM
10/26/2021 16:00,65.84,5.39,84965,12.21521336,XOM
10/27/2021 16:00,64.13,5.39,84965,11.89795918,XOM
10/28/2021 16:00,64.31,5.39,84965,11.93135436,XOM
10/29/2021 16:00,64.47,5.39,84965,11.96103896,XOM
11/1/2021 16:00,65.63,5.39,84965,12.17625232,XOM
11/2/2021 16:00,64.82,5.39,84965,12.02597403,XOM
11/3/2021 16:00,63.93,5.39,84965,11.86085343,XOM
11/4/2021 16:00,64.41,5.39,84965,11.94990724,XOM
11/5/2021 16:00,65.02,5.39,84965,12.06307978,XOM
11/8/2021 16:00,65.72,5.39,84965,12.19294991,XOM
11/9/2021 16:00,66.36,5.39,84965,12.31168831,XOM
11/10/2021 16:00,64.19,5.39,84965,11.90909091,XOM
11/11/2021 16:00,64.31,5.39,84965,11.93135436,XOM
11/12/2021 16:00,63.82,5.39,84965,11.84044527,XOM
11/15/2021 16:00,64.37,5.39,84965,11.94248609,XOM
11/16/2021 16:00,65.02,5.39,84965,12.06307978,XOM
11/17/2021 16:00,64.31,5.39,84965,11.93135436,XOM
11/18/2021 16:00,63.61,5.39,84965,11.80148423,XOM
11/19/2021 16:00,60.67,5.39,84965,11.25602968,XOM
11/22/2021 16:00,61.51,5.39,84965,11.41187384,XOM
11/23/2021 16:00,63.13,5.39,84965,11.71243043,XOM
11/24/2021 16:00,63.48,5.39,84965,11.77736549,XOM
11/26/2021 13:00,61.25,5.39,84965,11.36363636,XOM
11/29/2021 16:00,61.59,5.39,84965,11.42671614,XOM
11/30/2021 16:00,59.84,5.39,84965,11.10204082,XOM
12/1/2021 16:00,59.79,5.39,84965,11.09276438,XOM
12/2/2021 16:00,61.28,5.39,84965,11.36920223,XOM
12/3/2021 16:00,60.89,5.39,84965,11.29684601,XOM
12/6/2021 16:00,61.58,5.39,84965,11.42486085,XOM
12/7/2021 16:00,62.27,5.39,84965,11.5528757,XOM
12/8/2021 16:00,62.45,5.39,84965,11.58627087,XOM
12/9/2021 16:00,62.61,5.39,84965,11.61595547,XOM
12/10/2021 16:00,63.01,5.39,84965,11.69016698,XOM
12/13/2021 16:00,61.63,5.39,84965,11.43413729,XOM
12/14/2021 16:00,61.54,5.39,84965,11.4174397,XOM
12/15/2021 16:00,61.27,5.39,84965,11.36734694,XOM
12/16/2021 16:00,61.37,5.39,84965,11.38589981,XOM
12/17/2021 16:00,60.03,5.39,84965,11.13729128,XOM
12/20/2021 16:00,59.16,5.39,84965,10.97588126,XOM
12/21/2021 16:00,60.5,5.39,84965,11.2244898,XOM
12/22/2021 16:00,60.99,5.39,84965,11.31539889,XOM
12/23/2021 16:00,61.02,5.39,84965,11.32096475,XOM
12/27/2021 16:00,61.89,5.39,84965,11.48237477,XOM
12/28/2021 16:00,61.69,5.39,84965,11.44526902,XOM
12/29/2021 16:00,61.15,5.39,84965,11.34508349,XOM
12/30/2021 16:00,60.79,5.39,84965,11.27829314,XOM
12/31/2021 16:00,61.19,5.39,84965,11.35250464,XOM
1/3/2022 16:00,63.54,11.88,87734,5.348484848,XOM
1/4/2022 16:00,65.93,11.88,87734,5.5496633,XOM
1/5/2022 16:00,66.75,11.88,87734,5.618686869,XOM
1/6/2022 16:00,68.32,11.88,87734,5.750841751,XOM
1/7/2022 16:00,68.88,11.88,87734,5.797979798,XOM
1/10/2022 16:00,68.47,11.88,87734,5.763468013,XOM
1/11/2022 16:00,71.35,11.88,87734,6.005892256,XOM
1/12/2022 16:00,71.14,11.88,87734,5.988215488,XOM
1/13/2022 16:00,70.63,11.88,87734,5.945286195,XOM
1/14/2022 16:00,71.87,11.88,87734,6.0496633,XOM
1/18/2022 16:00,73.08,11.88,87734,6.151515152,XOM
1/19/2022 16:00,73.11,11.88,87734,6.154040404,XOM
1/20/2022 16:00,73.27,11.88,87734,6.167508418,XOM
1/21/2022 16:00,72.17,11.88,87734,6.074915825,XOM
1/24/2022 16:00,72.79,11.88,87734,6.127104377,XOM
1/25/2022 16:00,74.93,11.88,87734,6.307239057,XOM
1/26/2022 16:00,74.17,11.88,87734,6.243265993,XOM
1/27/2022 16:00,75.12,11.88,87734,6.323232323,XOM
1/28/2022 16:00,75.28,11.88,87734,6.336700337,XOM
1/31/2022 16:00,75.96,11.88,87734,6.393939394,XOM
2/1/2022 16:00,80.83,11.88,87734,6.803872054,XOM
2/2/2022 16:00,80.62,11.88,87734,6.786195286,XOM
2/3/2022 16:00,79.68,11.88,87734,6.707070707,XOM
2/4/2022 16:00,81.41,11.88,87734,6.852693603,XOM
2/7/2022 16:00,82.39,11.88,87734,6.935185185,XOM
2/8/2022 16:00,80.26,11.88,87734,6.755892256,XOM
2/9/2022 16:00,79,11.88,87734,6.64983165,XOM
2/10/2022 16:00,78.24,11.88,87734,6.585858586,XOM
2/11/2022 16:00,80.21,11.88,87734,6.751683502,XOM
2/14/2022 16:00,78.98,11.88,87734,6.648148148,XOM
2/15/2022 16:00,77.99,11.88,87734,6.564814815,XOM
2/16/2022 16:00,78.35,11.88,87734,6.595117845,XOM
2/17/2022 16:00,78.23,11.88,87734,6.585016835,XOM
2/18/2022 16:00,77.36,11.88,87734,6.511784512,XOM
2/22/2022 16:00,76.46,11.88,87734,6.436026936,XOM
2/23/2022 16:00,76.77,11.88,87734,6.462121212,XOM
2/24/2022 16:00,75.8,11.88,87734,6.38047138,XOM
2/25/2022 16:00,77.84,11.88,87734,6.552188552,XOM
2/28/2022 16:00,78.42,11.88,87734,6.601010101,XOM
3/1/2022 16:00,79.17,11.88,87734,6.664141414,XOM
3/2/2022 16:00,80.53,11.88,87734,6.778619529,XOM
3/3/2022 16:00,81.04,11.88,87734,6.821548822,XOM
3/4/2022 16:00,84.09,11.88,87734,7.078282828,XOM
3/7/2022 16:00,87.12,11.88,87734,7.333333333,XOM
3/8/2022 16:00,87.78,11.88,87734,7.388888889,XOM
3/9/2022 16:00,82.79,11.88,87734,6.968855219,XOM
3/10/2022 16:00,85.36,11.88,87734,7.185185185,XOM
3/11/2022 16:00,84.92,11.88,87734,7.148148148,XOM
3/14/2022 16:00,81.88,11.88,87734,6.892255892,XOM
3/15/2022 16:00,77.22,11.88,87734,6.5,XOM
3/16/2022 16:00,76.93,11.88,87734,6.475589226,XOM
3/17/2022 16:00,78.98,11.88,87734,6.648148148,XOM
3/18/2022 16:00,78.67,11.88,87734,6.622053872,XOM
3/21/2022 16:00,82.2,11.88,87734,6.919191919,XOM
3/22/2022 16:00,81.84,11.88,87734,6.888888889,XOM
3/23/2022 16:00,83.13,11.88,87734,6.997474747,XOM
3/24/2022 16:00,83.38,11.88,87734,7.018518519,XOM
3/25/2022 16:00,85.2,11.88,87734,7.171717172,XOM
3/28/2022 16:00,82.81,11.88,87734,6.970538721,XOM
3/29/2022 16:00,82.37,11.88,87734,6.933501684,XOM
3/30/2022 16:00,83.78,11.88,87734,7.052188552,XOM
3/31/2022 16:00,82.59,11.88,87734,6.952020202,XOM
4/1/2022 16:00,83.12,11.88,111265,6.996632997,XOM
4/4/2022 16:00,83.16,11.88,111265,7,XOM
4/5/2022 16:00,82.73,11.88,111265,6.963804714,XOM
4/6/2022 16:00,83.65,11.88,111265,7.041245791,XOM
4/7/2022 16:00,85.05,11.88,111265,7.159090909,XOM
4/8/2022 16:00,86.84,11.88,111265,7.30976431,XOM
4/11/2022 16:00,83.85,11.88,111265,7.058080808,XOM
4/12/2022 16:00,85.6,11.88,111265,7.205387205,XOM
4/13/2022 16:00,86.81,11.88,111265,7.307239057,XOM
4/14/2022 16:00,87.83,11.88,111265,7.393097643,XOM
4/18/2022 16:00,88.55,11.88,111265,7.453703704,XOM
4/19/2022 16:00,87.76,11.88,111265,7.387205387,XOM
4/20/2022 16:00,87.96,11.88,111265,7.404040404,XOM
4/21/2022 16:00,87.03,11.88,111265,7.325757576,XOM
4/22/2022 16:00,85.13,11.88,111265,7.165824916,XOM
4/25/2022 16:00,82.26,11.88,111265,6.924242424,XOM
4/26/2022 16:00,82.29,11.88,111265,6.926767677,XOM
4/27/2022 16:00,84.64,11.88,111265,7.124579125,XOM
4/28/2022 16:00,87.2,11.88,111265,7.34006734,XOM
4/29/2022 16:00,85.25,11.88,111265,7.175925926,XOM
5/2/2022 16:00,86.41,11.88,111265,7.273569024,XOM
5/3/2022 16:00,88.19,11.88,111265,7.423400673,XOM
5/4/2022 16:00,91.7,11.88,111265,7.718855219,XOM
5/5/2022 16:00,90.31,11.88,111265,7.601851852,XOM
5/6/2022 16:00,91.69,11.88,111265,7.718013468,XOM
5/9/2022 16:00,84.46,11.88,111265,7.109427609,XOM
5/10/2022 16:00,85.02,11.88,111265,7.156565657,XOM
5/11/2022 16:00,86.79,11.88,111265,7.305555556,XOM
5/12/2022 16:00,86.3,11.88,111265,7.264309764,XOM
5/13/2022 16:00,88.86,11.88,111265,7.47979798,XOM
5/16/2022 16:00,90.95,11.88,111265,7.655723906,XOM
5/17/2022 16:00,92.11,11.88,111265,7.753367003,XOM
5/18/2022 16:00,90.65,11.88,111265,7.63047138,XOM
5/19/2022 16:00,91.14,11.88,111265,7.671717172,XOM
5/20/2022 16:00,91.86,11.88,111265,7.732323232,XOM
5/23/2022 16:00,93.89,11.88,111265,7.903198653,XOM
5/24/2022 16:00,94.4,11.88,111265,7.946127946,XOM
5/25/2022 16:00,96.3,11.88,111265,8.106060606,XOM
5/26/2022 16:00,96.64,11.88,111265,8.134680135,XOM
5/27/2022 16:00,97.59,11.88,111265,8.214646465,XOM
5/31/2022 16:00,96,11.88,111265,8.080808081,XOM
6/1/2022 16:00,97.84,11.88,111265,8.235690236,XOM
6/2/2022 16:00,97.67,11.88,111265,8.221380471,XOM
6/3/2022 16:00,99.09,11.88,111265,8.340909091,XOM
6/6/2022 16:00,98.84,11.88,111265,8.31986532,XOM
6/7/2022 16:00,103.37,11.88,111265,8.701178451,XOM
6/8/2022 16:00,104.59,11.88,111265,8.803872054,XOM
6/9/2022 16:00,102.33,11.88,111265,8.613636364,XOM
6/10/2022 16:00,100.46,11.88,111265,8.456228956,XOM
6/13/2022 16:00,95.85,11.88,111265,8.068181818,XOM
6/14/2022 16:00,96.1,11.88,111265,8.089225589,XOM
6/15/2022 16:00,94.89,11.88,111265,7.987373737,XOM
6/16/2022 16:00,91.39,11.88,111265,7.692760943,XOM
6/17/2022 16:00,86.12,11.88,111265,7.249158249,XOM
6/21/2022 16:00,91.48,11.88,111265,7.7003367,XOM
6/22/2022 16:00,87.86,11.88,111265,7.395622896,XOM
6/23/2022 16:00,85.21,11.88,111265,7.172558923,XOM
6/24/2022 16:00,86.9,11.88,111265,7.314814815,XOM
6/27/2022 16:00,89.03,11.88,111265,7.494107744,XOM
6/28/2022 16:00,91.5,11.88,111265,7.702020202,XOM
6/29/2022 16:00,88.12,11.88,111265,7.417508418,XOM
6/30/2022 16:00,85.64,11.88,111265,7.208754209,XOM
7/1/2022 16:00,87.55,11.88,95921.8,7.36952862,XOM
7/5/2022 16:00,84.81,11.88,95921.8,7.138888889,XOM
7/6/2022 16:00,83.28,11.88,95921.8,7.01010101,XOM
7/7/2022 16:00,85.94,11.88,95921.8,7.234006734,XOM
7/8/2022 16:00,86.08,11.88,95921.8,7.245791246,XOM
7/11/2022 16:00,85.64,11.88,95921.8,7.208754209,XOM
7/12/2022 16:00,84.5,11.88,95921.8,7.112794613,XOM
7/13/2022 16:00,84.84,11.88,95921.8,7.141414141,XOM
7/14/2022 16:00,83.14,11.88,95921.8,6.998316498,XOM
7/15/2022 16:00,84.54,11.88,95921.8,7.116161616,XOM
7/18/2022 16:00,86.1,11.88,95921.8,7.247474747,XOM
7/19/2022 16:00,88.27,11.88,95921.8,7.43013468,XOM
7/20/2022 16:00,89.24,11.88,95921.8,7.511784512,XOM
7/21/2022 16:00,87.75,11.88,95921.8,7.386363636,XOM
7/22/2022 16:00,87.08,11.88,95921.8,7.32996633,XOM
7/25/2022 16:00,89.98,11.88,95921.8,7.574074074,XOM
7/26/2022 16:00,89.63,11.88,95921.8,7.544612795,XOM
7/27/2022 16:00,91.57,11.88,95921.8,7.707912458,XOM
7/28/2022 16:00,92.64,11.88,95921.8,7.797979798,XOM
7/29/2022 16:00,96.93,11.88,95921.8,8.159090909,XOM
